<?xml version="1.0" encoding="UTF-8"?><collection xmlns="http://www.loc.gov/MARC21/slim"><record><leader>00447nam--2200133-i-4500</leader><controlfield tag="001">000040140</controlfield><controlfield tag="002">20161230</controlfield><controlfield tag="005">20161230201042</controlfield><controlfield tag="008">060222s1000------------r-----000-0-eng-d</controlfield><datafield ind1=" " ind2=" " tag="080"><subfield code="a">551.510.53(043)</subfield></datafield><datafield ind1=" " ind2=" " tag="100"><subfield code="a">Rabache, Pierre</subfield></datafield><datafield ind1=" " ind2=" " tag="245"><subfield code="a">Analyse theorique et calcul des spectre des constituants moleculaires fondamentaux de la basse stratosphere dans l`infrarouge lointain.these</subfield></datafield><datafield ind1=" " ind2=" " tag="260"><subfield code="a">Paris, Univesite De Rennes, 1977. 177p</subfield></datafield><datafield ind1=" " ind2=" " tag="852"><subfield code="a">46847</subfield></datafield></record></collection>